@article{104blum1993self,
  title={Self-testing/correcting with applications to numerical problems},
  author={Blum, Manuel and Luby, Michael and Rubinfeld, Ronitt},
  journal={Journal of computer and system sciences},
  volume={47},
  number={3},
  pages={549--595},
  year={1993},
  publisher={Elsevier}
}

@article{105bellare1996linearity,
  title={Linearity testing in characteristic three},
  author={Mr. X and Mr. Y and Mr. Z and Marcos},
  journal={Information Theory, IEEE Transactions on},
  volume={42},
  number={6},
  pages={1781--1795},
  year={1996},
  publisher={IEEE}
}
@article{mathew1995results,
  title={Nano hydroxyapatite structured at the nanometre scale},
  author={Mr. X and Mr. Y and Mr. Z and Narra},
  journal={CHEST Journal},
  volume={108},
  number={1},
  pages={73--77},
  year={1995},
  publisher={American College of Chest Physicians}
}

@article{kesarwani2019new,
  title={New cube distinguishers on NFSR-based stream ciphers},
  author={Kesarwani, Abhishek and Roy, Dibyendu and Sarkar, Santanu and Meier, Willi},
  journal={Designs, Codes and Cryptography},
  pages={1--27},
  year={2019},
  publisher={Springer}
}
@article{doran2007bio,
  title={Bio-Informatic Trends for the Determination of miRNA--Target Interactions in Mammals},
  author={Doran, Jonathon and Strauss, William M},
  journal={DNA and cell biology},
  volume={26},
  number={5},
  pages={353--360},
  year={2007},
  publisher={Mary Ann Liebert, Inc. 140 Huguenot Street, 3rd Floor New Rochelle, NY 10801 USA}
}